@article{society,
	language = {russian},
	hyphenation={russian},
	author = {Коржова, Д. А. and Смеричевский, Э. Ф.},
	title = {Информационное общество: к анализу понятия},
	journal = {Вестник Науки и Творчества},
	year = {2019},
	number = {N 7(43)},
	pages = {9-13}}

@article{translation,
	language = {english},
	hyphenation={english},
	author = {Carl, Michael and Tonge, Andrew and Lacruz, Isabel},
	title = {A systems theory perspective on the translation process},
	journal = {Translation, Cognition \& Behavior},
	year = {2019},
	volume = {2(2)},
	pages = {211-232}}
	
@article{security,
	language = {english},
	hyphenation={english},
	author = {Imanbayeva, Akmaral},
	title = {Evaluating the effectiveness of information security based on the calculation of information entropy},
	journal = {Journal of Physics: Conference Series},
	year = {2021},
	volume = {1783},
	pages = {12-42}}
	
@article{mind,
	language = {russian},
	hyphenation={russian},
	author = {Кутепов, И. Е.},
	title = {Визуализация энтропии сигналов ЭЭГ при шизофрении},
	journal = {Научная визуализация},
	year = {2020},
	volume = {12(1)},
	pages = {1-9}}
	
@article{anesthesia,
	language = {english},
	hyphenation={english},
	author = {Mohammad, Omer and Amanbaeva, G. M.},
	title = {Entropy monitoring in medicine},
	journal = {Eurasian Medical Journal},
	year = {2020},
	number = {N 2},
	pages = {28-32}}
	
@article{data-compression,
	language = {english},
	hyphenation={english},
	author = {Anup, Anshul and Ashok, Ravi and Raundale, Pooja},
	title = {Comparative Study of Data Compression Techniques},
	journal = {International Journal of Computer Applications},
	year = {2019},
	volume = {178},
	pages = {15-19}}
	
@book{information,
	language = {russian},
	hyphenation={russian},
    	author = {Березкин, Е. Ф.},
    	title = {Основы теории информации и кодирования: учебное пособие},
    	edition = {3-е изд., стер.},
    	publisher = {СПб.: Лань},
    	year = {2022},
    	pages = {320}}

@book{transmission,
	language = {english},
	hyphenation={english},
	author = {Rodrigues, Miguel},
    	title ={Information-Theoretic Methods in Data Science},
    	publisher = {Cambridge: Cambridge University Press},
    	year={2021},
    	pages={43}}
    	
@book{definition,
	language = {russian},
	hyphenation={russian},
	author = {Попов, И. Ю. and Блинова, И. В.},
    	title ={Теория информации},
    	edition = {3-е изд., стер.},
    	publisher = {СПб.: Лань},
    	year={2022},
    	pages={160}}
    	
@book{properties,
	language = {russian},
	hyphenation={russian},
	author = {Осокин, А. Н. and Мальчуков, А. Н.},
    	title ={Теория информации: учебное пособие для вузов},
    	publisher = {М.: Издательство Юрайт},
    	year={2022},
    	pages={205}}
    	
@article{compression-definition,
	language = {english},
	hyphenation={english},
	author = {Uthayakumar, Jayasankar and Vengattaraman, Thirumal and Dhavachelvan, Ponnurangam},
	title = {A survey on data compression techniques: From the perspective of data quality, coding schemes, data type and applications},
	journal = {Journal of King Saud University - Computer and Information Sciences},
	year = {2021},
	volume = {33(2)},
	pages = {119-140}}
	
@book{compression-classes,
	language = {russian},
	hyphenation={russian},
	author = {Пантелеев, Е. Р. and Алыкова, А. Л.},
    	title ={Алгоритмы сжатия данных без потерь: учебное пособие для вузов},
    	edition = {2-е изд., стер.},
    	publisher = {СПб.: Лань},
    	year={2022},
    	pages={172}}

@article{compression-coefficient,
	language = {english},
	hyphenation={english},
	author = {Gupta, Anshul and Nigam, Sumit},
	title = {A Review on Different Types of Lossless Data Compression Techniques},
	journal = {International Journal of Scientific Research in Computer Science, Engineering and Information Technology},
	year = {2021},
	volume = {7(1)},
	pages = {50-56}}
	
@article{relation,
	language = {english},
	hyphenation={english},
	author = {Zbili, Mickael and Rama, Sylvain},
	title = {A Quick and Easy Way to Estimate Entropy and Mutual Information for Neuroscience},
	journal = {Frontiers in Neuroinformatics},
	year = {2021},
	volume = {15},
	pages = {1-17}}
	
@article{theorem,
	language = {english},
	hyphenation={english},
	author = {Cheng, Xinghua and Li, Zhilin},
	title = {How does Shannon's source coding theorem fare in prediction of image comrpession ratio with current algorithms?},
	journal = {International Archives of the Photogrammetry, Remote Sensing and Spatial Information Sciences},
	year = {2020},
	pages = {1313-1319}}
	
@article{sliding-window-method,
	language = {english},
	hyphenation={english},
	author = {Guo, Hui},
	title = {File Entropy Signal Analysis Combined With Wavelet Decomposition for Malware Classification},
	journal = {IEEE Access},
	year = {2020}}
	
@article{binomial-method,
	language = {english},
	hyphenation={english},
	author = {Borysenko, Oleksiy},
	title = {On the binomial method for calculation of entropy},
	journal = {Grail of Science},
	year = {2022},
	pages = {113-118}}
	
@book{bernullie-source,
	language = {russian},
	hyphenation={russian},
	author = {Рябко, Б. Я. and Фионов, А. Н.},
    	title ={Криптография в информационном мире},
    	publisher = {М.: Горячая линия - Телеком},
    	year={2018},
    	pages={300}}
