@book{society,
	author = {Коржова, Д. А. and Смеричевский, Э. Ф.},
	title = {Информационное общество: к анализу понятия // Вестник Науки и Творчества},
	year = {2019},
	pagetotal = {№ 7(43). --- 9---13 с.}}

@book{translation,
	author = {Carl, Michael and Tonge, Andrew and Lacruz, Isabel},
	title = {A systems theory perspective on the translation process // Translation, Cognition \& Behavior},
	year = {2019},
	pagetotal = {211---232 с.}}
	
@book{security,
	author = {Imanbayeva, Akmaral},
	title = {Evaluating the effectiveness of information security based on the calculation of information entropy // Journal of Physics: Conference Series},
	year = {2021},
	pagetotal = {12---42 с.}}
	
@book{mind,
	author = {Кутепов, И. Е.},
	title = {Визуализация энтропии сигналов ЭЭГ при шизофрении~// Научная визуализация},
	year = {2020},
	pagetotal = {1---9 с.}}
	
@book{anesthesia,
	author = {Mohammad, Omer and Amanbaeva, G. M.},
	title = {Entropy monitoring in medicine // Eurasian Medical Journal},
	year = {2020},
	pagetotal = {№ 2. --- 28---32 с.}}
	
@book{data-compression,
	author = {Anup, Anshul and Ashok, Ravi and Raundale, Pooja},
	title = {Comparative Study of Data Compression Techniques // International Journal of Computer Applications},
	year = {2019},
	pagetotal = {15---19 с.}}
	
@book{information,
    	author = {Березкин, Е. Ф.},
    	title = {Основы теории информации и кодирования: учебное пособие // 3-е изд., стер.},
    	publisher = {СПб.: Лань. --- 2022.},
    	pagetotal = {320}}

@book{transmission,
	author = {Rodrigues, Miguel},
    	title ={Information-Theoretic Methods in Data Science // Cambridge: Cambridge University Press. --- 2021.},
    	pagetotal={43}}
    	
@book{definition,
	author = {Попов, И. Ю. and Блинова, И. В.},
    	title ={Теория информации // 3-е изд., стер.},
    	publisher = {СПб.: Лань. --- 2022.},
    	pagetotal={160}}
    	
@book{properties,
	author = {Осокин, А. Н. and Мальчуков, А. Н.},
    	title ={Теория информации: учебное пособие для вузов // М.: Издательство Юрайт. --- 2022.},
    	pagetotal={205}}
    	
@book{compression-definition,
	author = {Uthayakumar, Jayasankar and Vengattaraman, Thirumal and Dhavachelvan, Ponnurangam},
	title = {A survey on data compression techniques: From the perspective of data quality, coding schemes, data type and applications // Journal of King Saud University --- Computer and Information Sciences},
	year = {2021},
	pagetotal = {119---140 с.}}
	
@book{compression-classes,
	author = {Пантелеев, Е. Р. and Алыкова, А. Л.},
    	title ={Алгоритмы сжатия данных без потерь: учебное пособие для вузов // 2-е изд., стер.},
    	publisher = {СПб.: Лань. --- 2022},
    	pagetotal={172}}

@book{compression-coefficient,
	author = {Gupta, Anshul and Nigam, Sumit},
	title = {A Review on Different Types of Lossless Data Compression Techniques // International Journal of Scientific Research in Computer Science, Engineering and Information Technology},
	year = {2021},
	pagetotal = {50---56 с.}}
	
@book{relation,
	author = {Zbili, Mickael and Rama, Sylvain},
	title = {A Quick and Easy Way to Estimate Entropy and Mutual Information for Neuroscience // Frontiers in Neuroinformatics},
	year = {2021}}
	
@book{theorem,
	author = {Cheng, Xinghua and Li, Zhilin},
	title = {How does Shannon's source coding theorem fare in prediction of image comrpession ratio with current algorithms? // International Archives of the Photogrammetry, Remote Sensing and Spatial Information Sciences},
	year = {2020},
	pagetotal = {1313---1319 c.}}
	
@book{bytes,
	author = {Ryabko, Boris},
	title = {Time-Universal Data Compression // Algorithms},
	year = {2019}}

@book{sliding-window-method,
	author = {Guo, Hui},
	title = {File Entropy Signal Analysis Combined With Wavelet Decomposition for Malware Classification // IEEE Access},
	year = {2020},
	pagetotal = {158961---158971 с.}}
	
@book{memory-unit,
	author = {Пухальский, Г. И. and Новосельцева, Т. Я.},
    	title ={Проектирование цифровых устройств: учебное пособие для вузов // СПб.: Лань. --- 2022.},
    	pagetotal={896}}
	
@book{binomial-method,
	author = {Borysenko, Oleksiy},
	title = {On the binomial method for calculation of entropy // Grail of Science},
	year = {2022},
	pagetotal = {113---118 с.}}
	
@book{bernullie-source,
	author = {Рябко, Б. Я. and Фионов, А. Н.},
    	title ={Криптография в информационном мире // М.: Горячая линия-Телеком. --- 2018.},
    	pagetotal={300}}

